<record><leader>00000cas a22000007a 4500</leader><controlfield tag="001">21369302</controlfield><controlfield tag="008">900413d19241983arudn ne      0    0eng d</controlfield><datafield ind1=" " ind2=" " tag="010"><subfield code="a">sn 90050144 </subfield></datafield><datafield ind1=" " ind2=" " tag="040"><subfield code="a">ANU</subfield><subfield code="b">eng</subfield><subfield code="c">ANU</subfield><subfield code="d">OCLCQ</subfield></datafield><datafield ind1=" " ind2=" " tag="042"><subfield code="a">msc</subfield></datafield><datafield ind1="0" ind2="0" tag="245"><subfield code="a">Daily courier-Democrat.</subfield></datafield><datafield ind1=" " ind2=" " tag="260"><subfield code="a">Russellville, Ark. :</subfield><subfield code="b">J.A. Livingston</subfield></datafield><datafield ind1=" " ind2=" " tag="300"><subfield code="a">v.</subfield></datafield><datafield ind1=" " ind2=" " tag="310"><subfield code="a">Daily (except Saturday),</subfield><subfield code="b">&lt;Jan. 2, 1977&gt;-Jan. 31, 1983</subfield></datafield><datafield ind1=" " ind2=" " tag="321"><subfield code="a">Daily (except Sunday),</subfield><subfield code="b">Oct. 1, 1924-&lt;Dec. 29, 1950&gt;</subfield></datafield><datafield ind1=" " ind2=" " tag="321"><subfield code="a">Daily (except Saturday and Sunday),</subfield><subfield code="b">&lt;Feb. 26, 1957&gt;</subfield></datafield><datafield ind1="0" ind2=" " tag="362"><subfield code="a">Vol. 1, no. 1 (Oct. 1, 1924)-59th year, no. 26 (Jan. 31, 1983).</subfield></datafield><datafield ind1=" " ind2=" " tag="515"><subfield code="a">Numbering is irregular.</subfield></datafield><datafield ind1=" " ind2="4" tag="651"><subfield code="a">Russellville (Ark.)</subfield><subfield code="v">Newspapers.</subfield></datafield><datafield ind1=" " ind2="4" tag="651"><subfield code="a">Pope County (Ark.)</subfield><subfield code="v">Newspapers.</subfield></datafield><datafield ind1=" " ind2=" " tag="752"><subfield code="a">United States</subfield><subfield code="b">Arkansas</subfield><subfield code="c">Pope</subfield><subfield code="d">Russellville.</subfield></datafield><datafield ind1="0" ind2=" " tag="775"><subfield code="t">Courier=Democrat (Russellville, Ark. : Weekly)</subfield><subfield code="w">(DLC)sn 88051107</subfield></datafield><datafield ind1="0" ind2=" " tag="775"><subfield code="t">Weekly courier-Democrat</subfield><subfield code="w">(DLC)sn 90050146</subfield></datafield><datafield ind1="0" ind2="0" tag="785"><subfield code="t">Courier Democrat (Russellville, Ark. : Daily : 1983)</subfield><subfield code="w">(DLC)sn 83000653</subfield></datafield></record>